<record><leader>00000cas a2200000 i 4500</leader><controlfield tag="001">880614785</controlfield><controlfield tag="006">m     o  d        </controlfield><controlfield tag="007">cr |||||||||||</controlfield><controlfield tag="008">140528d18721873mouwr neo     0   a0ger  </controlfield><datafield ind1=" " ind2=" " tag="010"><subfield code="a">  2014218373</subfield></datafield><datafield ind1=" " ind2=" " tag="040"><subfield code="a">DLC</subfield><subfield code="b">eng</subfield><subfield code="e">rda</subfield><subfield code="c">DLC</subfield><subfield code="d">DLC</subfield></datafield><datafield ind1="0" ind2=" " tag="022"><subfield code="a">2373-2083</subfield><subfield code="2">1</subfield></datafield><datafield ind1=" " ind2=" " tag="042"><subfield code="a">pcc</subfield><subfield code="a">nsdp</subfield></datafield><datafield ind1=" " ind2=" " tag="043"><subfield code="a">n-us-mo</subfield></datafield><datafield ind1="1" ind2="0" tag="050"><subfield code="a">ISSN RECORD</subfield></datafield><datafield ind1="0" ind2="0" tag="082"><subfield code="a">071</subfield><subfield code="2">23</subfield></datafield><datafield ind1="0" ind2=" " tag="130"><subfield code="a">Hermanner Volksblatt u. Gasconade Zeitung (Online)</subfield></datafield><datafield ind1=" " ind2="0" tag="222"><subfield code="a">Hermanner Volksblatt u. Gasconade Zeitung</subfield><subfield code="b">(Online)</subfield></datafield><datafield ind1="0" ind2="0" tag="245"><subfield code="a">Hermanner Volksblatt u. Gasconade Zeitung.</subfield></datafield><datafield ind1="3" ind2="0" tag="246"><subfield code="a">Hermanner Volksblatt und Gasconade Zeitung</subfield></datafield><datafield ind1=" " ind2="1" tag="264"><subfield code="a">Hermann, Mo. :</subfield><subfield code="b">Carl Eberhardt</subfield></datafield><datafield ind1=" " ind2=" " tag="300"><subfield code="a">1 online resource</subfield></datafield><datafield ind1=" " ind2=" " tag="310"><subfield code="a">Weekly</subfield></datafield><datafield ind1=" " ind2=" " tag="336"><subfield code="a">text</subfield><subfield code="b">txt</subfield><subfield code="2">rdacontent</subfield></datafield><datafield ind1=" " ind2=" " tag="337"><subfield code="a">computer</subfield><subfield code="b">c</subfield><subfield code="2">rdamedia</subfield></datafield><datafield ind1=" " ind2=" " tag="338"><subfield code="a">online resource</subfield><subfield code="b">cr</subfield><subfield code="2">rdacarrier</subfield></datafield><datafield ind1=" " ind2=" " tag="546"><subfield code="a">In German.</subfield></datafield><datafield ind1=" " ind2=" " tag="588"><subfield code="a">Description based on: Jahrgang 17, No. 5 (24. Oftober 1872); title from masthead (Chroniclingamerica.loc.gov, viewed May 28, 2014).</subfield></datafield><datafield ind1=" " ind2=" " tag="588"><subfield code="a">Latest issue consulted: Jahrgang 17, No. 26 (27. Ma&#776;rz 1873) (Chroniclingamerica.loc.gov, viewed May 28, 2014).</subfield></datafield><datafield ind1=" " ind2="0" tag="650"><subfield code="a">German Americans</subfield><subfield code="z">Missouri</subfield><subfield code="v">Newspapers.</subfield></datafield><datafield ind1=" " ind2="0" tag="651"><subfield code="a">Hermann (Mo.)</subfield><subfield code="v">Newspapers.</subfield></datafield><datafield ind1=" " ind2="7" tag="650"><subfield code="a">German Americans.</subfield><subfield code="2">fast</subfield><subfield code="0">(OCoLC)fst00941308</subfield></datafield><datafield ind1=" " ind2="7" tag="651"><subfield code="a">Missouri.</subfield><subfield code="2">fast</subfield><subfield code="0">(OCoLC)fst01204724</subfield></datafield><datafield ind1=" " ind2="7" tag="651"><subfield code="a">Missouri</subfield><subfield code="z">Hermann.</subfield><subfield code="2">fast</subfield><subfield code="0">(OCoLC)fst01209224</subfield></datafield><datafield ind1=" " ind2="7" tag="655"><subfield code="a">Newspapers.</subfield><subfield code="2">fast</subfield><subfield code="0">(OCoLC)fst01423814</subfield></datafield><datafield ind1=" " ind2=" " tag="752"><subfield code="a">United States</subfield><subfield code="b">Missouri</subfield><subfield code="c">Gasconade</subfield><subfield code="d">Hermann.</subfield></datafield><datafield ind1="0" ind2="8" tag="776"><subfield code="i">Originally issued in print:</subfield><subfield code="t">Hermanner Volksblatt u. Gasconade Zeitung</subfield><subfield code="x">2373-2075</subfield><subfield code="w">(DLC)sn 85034180</subfield><subfield code="w">(OCoLC)12544242</subfield></datafield><datafield ind1="0" ind2="4" tag="780"><subfield code="t">Hermanner Volksblatt (Online)</subfield></datafield><datafield ind1="0" ind2="4" tag="780"><subfield code="t">Gasconade Zeitung (Online)</subfield></datafield><datafield ind1="0" ind2="0" tag="785"><subfield code="t">Gasconade Zeitung (1873 : Online)</subfield></datafield><datafield ind1="4" ind2="0" tag="856"><subfield code="u">http://www.loc.gov/chroniclingamerica/lccn/sn85034180/issues</subfield></datafield></record>